<record><leader>00000cas a22000007a 4500</leader><controlfield tag="001">12289981</controlfield><controlfield tag="008">850722c19369999mtuwr ne      0    0eng  </controlfield><controlfield tag="009">466</controlfield><datafield ind1=" " ind2=" " tag="010"><subfield code="a">sn 85042376 </subfield></datafield><datafield ind1=" " ind2=" " tag="040"><subfield code="a">DLC</subfield><subfield code="b">eng</subfield><subfield code="c">DLC</subfield><subfield code="d">MTL</subfield><subfield code="d">DLC</subfield><subfield code="d">OCLCQ</subfield></datafield><datafield ind1="1" ind2=" " tag="029"><subfield code="a">AU@</subfield><subfield code="b">000026224685</subfield></datafield><datafield ind1=" " ind2=" " tag="042"><subfield code="a">msc</subfield></datafield><datafield ind1="0" ind2="0" tag="050"><subfield code="a">Newspaper</subfield></datafield><datafield ind1="0" ind2="4" tag="245"><subfield code="a">The Liberty County times.</subfield></datafield><datafield ind1=" " ind2=" " tag="260"><subfield code="a">Chester, Mont. :</subfield><subfield code="b">A.E. Bobcock,</subfield><subfield code="c">1936-</subfield></datafield><datafield ind1=" " ind2=" " tag="300"><subfield code="a">v. :</subfield><subfield code="b">ill. ;</subfield><subfield code="c">54-64 cm.</subfield></datafield><datafield ind1=" " ind2=" " tag="310"><subfield code="a">Weekly</subfield></datafield><datafield ind1="0" ind2=" " tag="362"><subfield code="a">[Vol. 16, no. 41] (Dec. 3, 1936)-</subfield></datafield><datafield ind1=" " ind2=" " tag="500"><subfield code="a">Golden anniversary issue--50 years of progress.</subfield></datafield><datafield ind1=" " ind2=" " tag="500"><subfield code="a">"Official county and city paper."</subfield></datafield><datafield ind1=" " ind2=" " tag="752"><subfield code="a">United States</subfield><subfield code="b">Montana</subfield><subfield code="c">Liberty</subfield><subfield code="d">Chester.</subfield></datafield><datafield ind1="0" ind2="4" tag="780"><subfield code="t">Liberty County farmer</subfield><subfield code="w">(DLC)sn 85053200</subfield></datafield><datafield ind1="0" ind2="4" tag="780"><subfield code="t">Chester reporter (Chester, Mont. : 1925)</subfield><subfield code="w">(DLC)sn 84036306</subfield></datafield></record>